@Book{nagasawa1997,
  author={長沢,工},
  title={流星と流星群 流星とはどうして光るのか},
  publisher={地人書館},
  year={1997}
}

@article{ceplecha1998meteor,
  title={Meteor phenomena and bodies},
  author={Ceplecha, Zden{\v{e}}k and Borovi{\v{c}}ka, Ji{\v{r}}{\'I} and Elford, W Graham and ReVelle, Douglas O and Hawkes, Robert L and Porub{\v{c}}an, Vladim{\'I}r and {\v{S}}imek, Milo{\v{s}}},
  journal={Space Science Reviews},
  volume={84},
  number={3-4},
  pages={327--471},
  year={1998},
  publisher={Springer}
}

@techreport{ayers1965luminous,
  title={Luminous efficiency of an artificial meteor at 11.9 kilometers per second},
  author={Ayers, Wendell G},
  institution={NASA},
  number={TN D-2931},
  year={1965}
}

@incollection{abe2008meteoroids,
  title={Meteoroids and Meteors -- Observations and Connection to Parent Bodies},
  author={Abe, Shinsuke},
  booktitle={Small Bodies in Planetary Systems},
  pages={1--38},
  year={2008},
  publisher={Springer}
}

@article{singh2017aerothermodynamic,
  title={Aerothermodynamic correlations for high-speed flow},
  author={Singh, Narendra and Schwartzentruber, Thomas E},
  journal={Journal of Fluid Mechanics},
  volume={821},
  pages={421--439},
  year={2017},
  publisher={Cambridge University Press}
}

@article{bariselli2020aerothermodynamic,
  title={Aerothermodynamic modelling of meteor entry flows},
  author={Bariselli, Federico and Frezzotti, Aldo and Hubin, Annick and Magin, Thierry E},
  journal={Monthly Notices of the Royal Astronomical Society},
  volume={492},
  number={2},
  pages={2308--2325},
  year={2020},
  publisher={Oxford University Press}
}

@article{watanabe2016development,
  title = "Development of artificial meteor for observation of upper atmosphere",
  journal = "Acta Astronautica",
  volume = "121",
  pages = "172--178",
  year = "2016",
  author = "Watanabe, Masaki and Sahara, Hironori and Abe, Shinsuke and Watanabe, Takeo and Nojiri, Yuta and Okajima, Lena",
}

@article{watanabe2016evaluation,
  title={Evaluation of Artificial Meteor Sources with Arc Heater Wind Tunnel},
  author={Watanabe, Masaki and Sakuyama, Koki and Sahara, Hironori and Numata, Soichiro and Abe, Shinsuke and Watanabe, Takeo and Shimoda, Takayuki and Nagai, Junsei and Nojiri, Yuta and Okajima, Lena},
  journal={Transactions of the Japan Society for Aeronautical and Space Sciences, Aerospace Technology Japan},
  volume={14},
  number={ists30},
  pages={Pf\_119--Pf\_123},
  year={2016},
  publisher={THE JAPAN SOCIETY FOR AERONAUTICAL AND SPACE SCIENCES}
}

@article{stolle2006magnetic,
  title={Magnetic signatures of equatorial spread F as observed by the CHAMP satellite},
  author={Stolle, Claudia and L{\"u}hr, Hermann and Rother, Martin and Balasis, G},
  journal={Journal of Geophysical Research: Space Physics},
  volume={111},
  number={A2},
  year={2006},
  pages={A02304},
  publisher={Wiley Online Library}
}

@inproceedings{fujiwara2013uchu,
  title={宇宙天気としての熱圏・電離圏変動の研究},
  author={藤原均 and 三好勉信 and 陣英克 and 品川裕之 and 野澤悟徳 and 小川泰信 and 東尾奈々},
  booktitle={第9回宇宙環境シンポジウム講演論文集},
  pages={39--42},
  year={2013}
}

@techreport{takagi2000,
  title={極超音速非平衡流れの数値解析},
  author={高木亮治},
  institution={航空宇宙技術研究所},
  number={1407},
  year={2000}
}

@incollection{jenniskens2000meteors,
  title={Meteors: A delivery mechanism of organic matter to the early Earth},
  author={Jenniskens, Peter and Wilson, Mike A and Packan, Dennis and Laux, Christophe O and Kr{\"u}ger, Charles H and Boyd, Iain D and Popova, Olga P and Fonda, Mark},
  booktitle={Leonid Storm Research},
  pages={57--70},
  year={2000},
  publisher={Springer}
}

@article{seiff1991atmospheres,
  title={Atmospheres of Earth, Mars, and Venus, as defined by entry probe experiments},
  author={Seiff, Alvin},
  journal={Journal of Spacecraft and Rockets},
  volume={28},
  number={3},
  pages={265--275},
  year={1991}
}

% introduction up to here

@InProceedings{kimura2018ukaren,
  author={木村菜摘 and 山下矩央 and 平野航 and 佐原宏典 and 蒲池康 and Lemal Adrien and 岡島礼奈},
  title={空気力学的・熱的パラメータが人工流れ星の軌道とその発光強度に及ぼす影響},
  booktitle={第62回宇宙科学技術連合講演会講演集, 講演番号1S09},
  year={2018}
}

@misc{GeoForschungsZentrum,
author = {},
title = {Geo Forschungs Zentrum Web site},
howpublished = {\url{https://www.gfz-potsdam.de/startseite/}},
month = {},
year = {},
note = {(Accessed on 02/21/2020)}
}

@misc{SWPC-NOAA,
author = {},
title = {NOAA / NWS Space Weather Prediction Center},
howpublished = {\url{https://www.swpc.noaa.gov/}},
month = {},
year = {},
note = {(Accessed on 02/21/2020)}
}

@Book{usstandard1976u,
author = { United States Committee on Extension to the Standard Atmosphere. },
title = { U.S. standard atmosphere, 1976},
publisher = { National Oceanic and Amospheric Administration, U.S. Govt. Print. Off Washington },
year = { 1976 },
catalogue-url = { https://nla.gov.au/nla.cat-vn2362018 },
}

@article{subasinghe2017luminous,
  title={Luminous efficiency estimates of meteors-I. Uncertainty analysis},
  author={Subasinghe, Dilini and Campbell-Brown, Margaret and Stokan, Edward},
  journal={Planetary and Space Science},
  volume={143},
  pages={71--77},
  year={2017},
  publisher={Elsevier}
}

@article{subasinghe2018luminous,
  title={Luminous Efficiency Estimates of Meteors. II. Application to Canadian Automated Meteor Observatory Meteor Events},
  author={Subasinghe, Dilini and Campbell-Brown, Margaret},
  journal={The Astronomical Journal},
  volume={155},
  number={2},
  pages={1--13},
  year={2018},
  publisher={IOP Publishing}
}

@techreport{revelle2001bolide,
  title={Bolide Physical Theory with Application to PN and EN Fireballs.},
  author={ReVelle, Douglas O},
  year={2001},
  institution={Los Alamos National Laboratory}
}

@mastersthesis{fujita2007taiyou,
  title={太陽活動及び地磁気活動と北極振動との関係に関する統計的解析},
  author={藤田玲子},
  year={2007},
  school={筑波大学大学院}
}

@inProceedings{nagoya-twins,
  author={西面, 敦義 and 犬飼, 耕平 and 服部, 友哉 and 青野, 正寛 and 市原, 大輔 and 上野, 宙輝 and 岡原, 卓矢 and 栗原, 理也 and 鈴木, 秀明 and 森, 拓也},
  booktitle={第18回衛星設計コンテスト設計の部 衛星設計解析書},
  title={ブラックアウト回避実験衛星「TWINS」},
  year={2010}
}


@article{picone2002nrlmsise,
  title={{NRLMSISE}-00 empirical model of the atmosphere: Statistical comparisons and scientific issues},
  author={Picone, J.M. and Hedin, A.E. and Drob, D.P. and Aikin, A.C.},
  journal={Journal of Geophysical Research: Space Physics},
  volume={107},
  number={A12},
  pages={SIA--15},
  year={2002},
  publisher={Wiley Online Library}
}

@article{popova2004meteoroid,
  title={Meteoroid ablation models},
  author={Popova, O.},
  journal={Earth, Moon, and Planets},
  volume={95},
  number={1-4},
  pages={303--319},
  year={2004},
  publisher={Springer}
}

@article{page1969radiative,
  title={Radiative transport in inviscid nonadiabatic stagnation-region shock layers},
  author={Page, William A and Compton, Dale L and Borucki, William J and Ciffone, Donald L and Cooper, David M},
  journal={AIAA Progress in Astronautics and Aeronautics: Thermal Design Principles of Spacecraft and Entry Bodies},
  volume={21},
  pages={75--114},
  year={1969}
}

@article{baldwin1971ablation,
  title={Ablation and breakup of large meteoroids during atmospheric entry},
  author={Baldwin, Barrett and Sheaffer, Yvonne},
  journal={Journal of Geophysical Research},
  volume={76},
  number={19},
  pages={4653--4668},
  year={1971},
  publisher={Wiley Online Library}
}

@article{johnston2018radiative,
  title={Radiative heating of large meteoroids during atmospheric entry},
  author={Johnston, Christopher O and Stern, Eric C and Wheeler, Lorien F},
  journal={Icarus},
  volume={309},
  pages={25--44},
  year={2018},
  publisher={Elsevier}
}

@book{park1989nonequilibrium,
  title={Nonequilibrium hypersonic aerothermodynamics},
  author={Park, C.},
  publisher={John Wiley \& Sons, New York},
  year={1989}
}

@article{park1988-landau-teller,
  author = {Park, C.},
  title = {Assessment of a two-temperature kinetic model for dissociating and weakly ionizing nitrogen},
  journal = {Journal of Thermophysics and Heat Transfer},
  volume = {2},
  number = {1},
  pages = {8-16},
  year = {1988},
  doi = {10.2514/3.55},

  URL = {https://doi.org/10.2514/3.55},
  eprint = {https://doi.org/10.2514/3.55}
}

@article{sharma1988rate,
  title={The rate parameters for coupled vibration-dissociation in a generalized {SSH} approximation.},
  author={Sharma, S. P. and Huo, W. M. and Park, C.},
  journal = {AIAA Paper},
  volume = {6},
  number = {1},
  year={1992}
}

@techreport{blottner1971chemically,
  title={Chemically Reacting Viscous Flow Program for Multi–Component Gas Mixtures.},
  author={Blottner, F. G. and Johnson, M. and Ellis, M.},
  year={1971},
  institution={Sandia Labs., Albuquerque}
}

@book{kruger1965introduction,
  title={Introduction to physical gas dynamics},
  author={Kruger, C. H. and Vincenti, W. G.},
  publisher={John Wlley \& Sons, New York},
  year={1965}
}

@article{wilke1950viscosity,
  title={A viscosity equation for gas mixtures},
  author={Wilke, C. R.},
  journal={The Journal of Chemical Physics},
  volume={18},
  number={4},
  pages={517--519},
  year={1950},
  publisher={AIP}
}

@article{boyd1995predicting,
  title={Predicting failure of the continuum fluid equations in transitional hypersonic flows},
  author={Boyd, I. D. and Chen, G. and Candler, G. V.},
  journal={Physics of Fluids},
  volume={7},
  number={1},
  pages={210--219},
  year={1995},
  publisher={AIP}
}

@book{bird1994molecular,
  title={Molecular gas dynamics and the direct simulation of gas flows},
  author={Bird, G. A. and Brady, J. M.},
  year={1994},
  publisher={Clarendon Press, Oxford}
}

@article{henderson1976drag,
  title={Drag coefficients of spheres in continuum and rarefied flows},
  author={Henderson, C. B.},
  journal={AIAA Journal},
  volume={14},
  number={6},
  pages={707--708},
  year={1976}
}

@phdthesis{prevereaud2016phd,
  title={Contribution a la modelisation de la rentree atmospherique des debris spatiaux},
  author={Prevereaud, Y.},
  school={ISAE–SupAero, Toulouse, France},
  year={2014}
}

@phdthesis{zehentner2017phd,
author = {Zehentner, Norbert},
year = {2017},
month = {01},
pages = {},
title = {Kinematic orbit positioning applying the raw observation approach to observe time variable gravity},
}

@inproceedings{grinstead2011airborne,
  title={Airborne observation of the Hayabusa sample return capsule Re-entry},
  author={Grinstead, Jay and Jenniskens, Peter and Cassell, Alan and Albers, Jim and Winter, Michael},
  booktitle={42nd AIAA Thermophysics Conference},
  pages={3329},
  year={2011}
}

@misc{ALECoLtd30:online,
author = {},
title = {ALE Co., Ltd.－ 衛星から人工流れ星を流す宇宙ベンチャー},
howpublished = {\url{https://star-ale.com/}},
month = {},
year = {},
note = {(Accessed on 03/03/2020)}
}

@article{padilla2010comparison,
  title={Comparison of DAC and MONACO DSMC codes with flat plate simulation},
  author={Padilla, Jose F},
  year={2010}
}

@article{white2018dsmcfoam+,
  title={dsmcFoam+: An OpenFOAM based direct simulation Monte Carlo solver},
  author={White, Craig and Borg, Matthew K and Scanlon, Thomas J and Longshaw, Stephen M and John, B and Emerson, DR and Reese, Jason M},
  journal={Computer Physics Communications},
  volume={224},
  pages={22--43},
  year={2018},
  publisher={Elsevier}
}

@article{scanlon2010open,
  title={An open source, parallel DSMC code for rarefied gas flows in arbitrary geometries},
  author={Scanlon, TJ and Roohi, Ehsan and White, C and Darbandi, M and Reese, JM},
  journal={Computers \& Fluids},
  volume={39},
  number={10},
  pages={2078--2089},
  year={2010},
  publisher={Elsevier}
}

@article{plimpton2019direct,
  title={Direct simulation Monte Carlo on petaflop supercomputers and beyond},
  author={Plimpton, Steven J and Moore, Stan Gerald and Borner, A and Stagg, Alan K and Koehler, TP and Torczynski, John R and Gallis, Michail A},
  journal={Physics of Fluids},
  volume={31},
  number={8},
  pages={086101},
  year={2019},
  publisher={AIP Publishing LLC}
}

@article{raeisi2019numerical,
  title={Numerical Investigation of Interaction of Counter Flow Jet and Hypersonic Capsule Flow Via Modified DsmcFoam},
  author={Raeisi, Mostafa and Mohammadi-Amin, Meysam and Zakeri, Ramin},
  journal={Journal of Heat Transfer},
  volume={141},
  number={10},
  year={2019},
  publisher={American Society of Mechanical Engineers Digital Collection}
}

@article{singh2016heat,
  title={Heat flux correlation for high-speed flow in the transitional regime},
  author={Singh, Narendra and Schwartzentruber, Thomas E},
  journal={Journal of Fluid Mechanics},
  volume={792},
  pages={981--996},
  year={2016},
  publisher={Cambridge University Press}
}

@inproceedings{gallis2008accuracy,
  title={Accuracy and convergence of a new DSMC algorithm},
  author={Gallis, Michael and Torczynski, John and Rader, Daniel and Bird, Graeme},
  booktitle={40th Thermophysics Conference},
  pages={3913},
  year={2008}
}

@article{koura1991variable,
  title={Variable soft sphere molecular model for inverse-power-law or Lennard-Jones potential},
  author={Koura, Katsuhisa and Matsumoto, Hiroaki},
  journal={Physics of fluids A: fluid dynamics},
  volume={3},
  number={10},
  pages={2459--2465},
  year={1991},
  publisher={American Institute of Physics}
}

@mastersthesis{kimura2018master,
  title={人工流星の軌道と発光強度に関するパラメータ感度分析},
  author={木村菜摘},
  school={首都大学東京大学院},
  year={2018}
}

@article{sato2017frequency,
  title={Frequency spectra and vertical profiles of wind fluctuations in the summer Antarctic mesosphere revealed by {MST} radar observations},
  author={Sato, K. and Kohma, M. and Tsutsumi, M. and Sato, T.},
  journal={Journal of Geophysical Research: Atmospheres},
  volume={122},
  number={1},
  pages={3--19},
  year={2017},
  publisher={Wiley Online Library}
}

@article{singh2017aerothermodynamic,
  title={Aerothermodynamic correlations for high-speed flow},
  author={Singh, N. and Schwartzentruber, T. E.},
  journal={Journal of Fluid Mechanics},
  volume={821},
  pages={421--439},
  year={2017},
  publisher={Cambridge University Press}
}

@inproceedings{klothakis2016validation,
  title={Validation simulations of the {DSMC} code {SPARTA}},
  author={Klothakis, A. G. and Nikolos, I. K. and Koehler, T. P. and Gallis, M. A. and Plimpton, S. J.},
  booktitle={AIP Conference Proceedings},
  volume={1786},
  number={1},
  pages={050016},
  year={2016},
  organization={AIP Publishing}
}

@article{plimpton2019direct,
  title={Direct simulation Monte Carlo on petaflop supercomputers and beyond},
  author={Plimpton, S. J. and Moore, S. G. and Borner, A. and Stagg, A. K. and Koehler, T. P. and Torczynski, J. R. and Gallis, M. A.},
  journal={Physics of Fluids},
  volume={31},
  number={8},
  pages={086101},
  year={2019},
  publisher={AIP Publishing LLC}
}

@article{silber2017shock,
  title={On shock waves and the role of hyperthermal chemistry in the early diffusion of overdense meteor trains},
  author={Silber, Elizabeth A and Hocking, Wayne K and Niculescu, Mihai L and Gritsevich, Maria and Silber, Reynold E},
  journal={Monthly Notices of the Royal Astronomical Society},
  volume={469},
  number={2},
  pages={1869--1882},
  year={2017},
  publisher={Oxford University Press}
}

@article{gallis2004molecular,
  title={Molecular gas dynamics observations of Chapman-Enskog behavior and departures therefrom in nonequilibrium gases},
  author={Gallis, Michail A and Torczynski, JR and Rader, DJ},
  journal={Physical Review E},
  volume={69},
  number={4},
  pages={042201},
  year={2004},
  publisher={APS}
}

@article{gallis2011investigation,
  title={Investigation of the ellipsoidal-statistical Bhatnagar--Gross--Krook kinetic model applied to gas-phase transport of heat and tangential momentum between parallel walls},
  author={Gallis, MA and Torczynski, JR},
  journal={Physics of Fluids},
  volume={23},
  number={3},
  pages={030601},
  year={2011},
  publisher={American Institute of Physics}
}

@article{park1993review,
  title={Review of chemical-kinetic problems of future NASA missions. I-Earth entries},
  author={Park, Chul},
  journal={Journal of Thermophysics and Heat transfer},
  volume={7},
  number={3},
  pages={385--398},
  year={1993}
}

@article{park2001chemical,
  title={Chemical-kinetic parameters of hyperbolic earth entry},
  author={Park, Chul and Jaffe, Richard L and Partridge, Harry},
  journal={Journal of Thermophysics and Heat transfer},
  volume={15},
  number={1},
  pages={76--90},
  year={2001}
}

@article{menees1976nitric,
  title={Nitric oxide formation by meteoroids in the upper atmosphere},
  author={Menees, Gene P and Park, Chul},
  journal={Atmospheric Environment (1967)},
  volume={10},
  number={7},
  pages={535--545},
  year={1976},
  publisher={Elsevier}
}

@article{park1978odd,
  title={Odd nitrogen production by meteoroids},
  author={Park, Chul and Menees, Gene P},
  journal={Journal of Geophysical Research: Oceans},
  volume={83},
  number={C8},
  pages={4029--4035},
  year={1978},
  publisher={Wiley Online Library}
}

@article{silber2018nitric,
  title={Nitric Oxide Production by Centimeter-Sized Meteoroids and the Role of Linear and Nonlinear Processes in the Shock Bound Flow Fields},
  author={Silber, Elizabeth A and Niculescu, Mihai L and Butka, Peter and Silber, Reynold E},
  journal={Atmosphere},
  volume={9},
  number={5},
  pages={202},
  year={2018},
  publisher={Multidisciplinary Digital Publishing Institute}
}

@inproceedings{jaiswal2019dsmc,
  title={{DSMC-SPARTA} implementation of {M}-1 scattering model},
  author={Jaiswal, S. and Sebasti{\~a}o, I. B. and Alexeenko, A. A.},
  booktitle={AIP Conference Proceedings},
  volume={2132},
  number={1},
  pages={070023},
  year={2019},
  organization={AIP Publishing LLC}
}

@article{popova2004meteoroid,
  title={Meteoroid ablation models},
  author={Popova, Olga},
  journal={Earth, Moon, and Planets},
  volume={95},
  number={1-4},
  pages={303--319},
  year={2004},
  publisher={Springer}
}

@article{millikan1963systematics,
  title={Systematics of vibrational relaxation},
  author={Millikan, Roger C and White, Donald R},
  journal={The Journal of chemical physics},
  volume={39},
  number={12},
  pages={3209--3213},
  year={1963},
  publisher={American Institute of Physics}
}

@article{roe1981approximate,
  title={Approximate Riemann solvers, parameter vectors, and difference schemes},
  author={Roe, Philip L},
  journal={Journal of computational physics},
  volume={43},
  number={2},
  pages={357--372},
  year={1981},
  publisher={Academic Press}
}

@article{van1979towards,
  title={Towards the ultimate conservative difference scheme. V. A second-order sequel to Godunov's method},
  author={van Leer, Bram},
  journal={Journal of computational Physics},
  volume={32},
  number={1},
  pages={101--136},
  year={1979},
  publisher={Elsevier}
}

@article{sutherland1893lii,
  title={The viscosity of gases and molecular force},
  author={Sutherland, William},
  journal={The London, Edinburgh, and Dublin Philosophical Magazine and Journal of Science},
  volume={36},
  number={223},
  pages={507--531},
  year={1893},
  publisher={Taylor \& Francis}
}

@book{bird1994molecular,
  title={Molecular gas dynamics and the direct simulation of gas flows},
  author={Bird, G. A. and Brady, J. M.},
  volume={5},
  year={1994},
  publisher={Clarendon press Oxford}
}

@book{maruzen圧縮性流体,
  title={航空宇宙工学テキストシリーズ 圧縮性流体力学},
  author={日本航空宇宙学会},
  year={2015},
  publisher={丸善}
}

@book{kurohon,
  title={宇宙飛行体の熱気体力学},
  author={久保田, 弘敏 and 鈴木, 宏二郎 and 綿貫, 忠晴},
  year={2002},
  publisher={東京大学出版}
}

@book{genshi-bunshi,
  title={原子・分子の流れ 希薄気体力学とその応用},
  author={日本機械学会},
  year={1996},
  publisher={共立出版}
}

@article{kruger1965introduction,
  title={Introduction to physical gas dynamics},
  author={Kruger, C. H. and Vincenti, W. G.},
  journal={John Wlley \& Sons},
  year={1965}
}

@article{kemp1957heat,
  title={Heat transfer to satellite vehicles re-entering the atmosphere},
  author={Kemp, N. H. and Riddell, F. R.},
  journal={Journal of Jet Propulsion},
  volume={27},
  number={2},
  pages={132--137},
  year={1957}
}

@misc{spartaWWW,
  author={Sandia National Laboratories},
  title={{SPARTA} Direct Simulation Monte Carlo ({DSMC}) Simulator},
  note={\url{https://sparta.sandia.gov/}},
  year={2020}
}

@inproceedings{casseau2016proceedings,
  title={Hypersonic simulations using open-source {CFD} and {DSMC} solvers},
  author={Casseau, V. and Scanlon, T.J. and John, B. and Emerson, D.R. and Brown, R.E.},
  booktitle={AIP Conference Proceedings},
  volume={1786},
  number={1},
  pages={050006},
  year={2016},
  organization={AIP Publishing LLC}
}

@article{casseau2016paper,
  title={A two-temperature open-source {CFD} model for hypersonic reacting flows, part two: Multi-dimensional analysis},
  author={Casseau, V. and Espinoza, D. E. and Scanlon, T. J. and Brown, R. E.},
  journal={Aerospace},
  volume={3},
  number={4},
  pages={45},
  year={2016},
  publisher={Multidisciplinary Digital Publishing Institute}
}

@Article{williams2004velocity,
AUTHOR = {Williams, I. P.},
TITLE = {The velocity of meteoroids: a historical review},
JOURNAL = {Atmospheric Chemistry and Physics},
VOLUME = {4},
YEAR = {2004},
NUMBER = {2},
PAGES = {471--475},
URL = {https://www.atmos-chem-phys.net/4/471/2004/},
DOI = {10.5194/acp-4-471-2004}
}

@inproceedings{hiraga2017ale,
  title={{ALE}人工流れ星で観る地球大気とその活用可能性},
  author={平賀涼子 and 蒲池康 and Lemal, A. and 岡島礼奈},
  booktitle={第62回宇宙科学技術連合講演会},
  organization={講演番号1S12},
  year={2017}
}

@inproceedings{ausmdv,
  title={A flux splitting scheme with high-resolution and robustness for discontinuities},
  author={Wada, Yasuhiro and Liou, Meng-Sing},
  booktitle={32nd Aerospace Sciences Meeting and Exhibit},
  pages={83},
  year={1994}
}

@article{muscl,
  doi = {10.1016/0021-9991(79)90145-1},
  url = {https://doi.org/10.1016/0021-9991(79)90145-1},
  year = {1979},
  month = jul,
  publisher = {Elsevier {BV}},
  volume = {32},
  number = {1},
  pages = {101--136},
  author = {Bram van Leer},
  title = {Towards the ultimate conservative difference scheme. V. A second-order sequel to Godunov{\textquotesingle}s method},
  journal = {Journal of Computational Physics}
}